@misc{_AchievementTrapHow_2007,
  title = {Achievement {{Trap}}: {{How America}} Is {{Failing Millions}} of {{High-Achieving Students}} from {{Lower-Income Families}} - {{Jack Kent Cooke Foundation}}},
  shorttitle = {Achievement {{Trap}}},
  year = {2007},
  month = sep,
  urldate = {2024-11-16},
  howpublished = {https://www.jkcf.org/research/achievement-trap-how-america-is-failing-millions-of-high-achieving-students-from-lower-income-families/},
  langid = {american}
}

@article{rohde_AnyoneNotEveryone_2020,
  title = {Anyone, but Not {{Everyone}}: {{Undergraduate Engineering Students}}' {{Claims}} of {{Who Can Do Engineering}}},
  shorttitle = {Anyone, but Not {{Everyone}}},
  author = {Rohde, Jacqueline and Satterfield, Derrick J. and Rodriguez, Miguel and Godwin, Allison and Potvin, Geoff and Benson, Lisa and Kirn, Adam},
  year = {2020},
  month = may,
  journal = {Engineering Studies},
  volume = {12},
  number = {2},
  pages = {82--103},
  publisher = {Routledge},
  issn = {1937-8629},
  doi = {10.1080/19378629.2020.1795181},
  urldate = {2024-11-16}
}

@inproceedings{bowen_CriticalAnalysesOutcomes_2020,
  title = {Critical {{Analyses}} of {{Outcomes}} of {{Marginalized Undergraduate Engineering Students}}},
  booktitle = {2020 {{IEEE Frontiers}} in {{Education Conference}} ({{FIE}})},
  author = {Bowen, Corin L. and Johnson, Aaron W. and Powell, Kenneth G.},
  year = {2020},
  month = oct,
  pages = {1--9},
  issn = {2377-634X},
  doi = {10.1109/FIE44824.2020.9273827},
  urldate = {2024-11-16}
}

@inproceedings{bego_DiversityInclusionEngineering_2021a,
  title = {Diversity and Inclusion in Engineering and Computing: {{A}} Scoping Review of Recent {{FIE}} Papers},
  shorttitle = {Diversity and Inclusion in Engineering and Computing},
  booktitle = {2021 {{IEEE Frontiers}} in {{Education Conference}} ({{FIE}})},
  author = {Bego, Campbell R. and Nwokeji, Joshua C.},
  year = {2021},
  month = oct,
  pages = {1--9},
  issn = {2377-634X},
  doi = {10.1109/FIE49875.2021.9637461},
  urldate = {2024-11-16}
}

@misc{zhang_MoralImplicationsBeing_2024,
  title = {The {{Moral Implications}} of {{Being}} a {{Moderately Successful Computer Scientist}} and a {{Woman}}},
  author = {Zhang, Irene Y.},
  year = {2024},
  month = aug,
  journal = {ACM SIGOPS},
  urldate = {2024-11-17},
  chapter = {Blog},
  langid = {american}
}

@article{lee_PerformanceGoalsFixed_2024,
  title = {Do Performance Goals and Fixed Mindset Explicate the Relations between Stereotype Threat and Achievement? {{Examining}} Differences between Racially Marginalized and {{White}} Students in {{STEM}}},
  shorttitle = {Do Performance Goals and Fixed Mindset Explicate the Relations between Stereotype Threat and Achievement?},
  author = {Lee, Alexandra A. and Totonchi, Delaram A. and Priniski, Stacy J. and Lee, Minhye and Perez, Tony and {Linnenbrink-Garcia}, Lisa},
  year = {2024},
  month = oct,
  journal = {Learning and Individual Differences},
  volume = {115},
  pages = {102525},
  issn = {1041-6080},
  doi = {10.1016/j.lindif.2024.102525},
  urldate = {2024-11-17}
}

@article{lee_PerformanceGoalsFixed_2024,
  title = {Do Performance Goals and Fixed Mindset Explicate the Relations between Stereotype Threat and Achievement? {{Examining}} Differences between Racially Marginalized and {{White}} Students in {{STEM}}},
  shorttitle = {Do Performance Goals and Fixed Mindset Explicate the Relations between Stereotype Threat and Achievement?},
  author = {Lee, Alexandra A. and Totonchi, Delaram A. and Priniski, Stacy J. and Lee, Minhye and Perez, Tony and {Linnenbrink-Garcia}, Lisa},
  year = {2024},
  month = oct,
  journal = {Learning and Individual Differences},
  volume = {115},
  pages = {102525},
  issn = {1041-6080},
  doi = {10.1016/j.lindif.2024.102525},
  urldate = {2024-11-17}
}

@phdthesis{caines-giralde_InfluenceGrowthMindset_2024,
  title = {The {{Influence}} of {{Growth Mindset}} and {{Transformational Leadership}} on {{Instructional Decisions}}: {{Supporting Achievement}} for {{Economically Disadvantaged Students}} through {{Diversity}}, {{Equity}}, and {{Inclusion Strategies}}},
  shorttitle = {The {{Influence}} of {{Growth Mindset}} and {{Transformational Leadership}} on {{Instructional Decisions}}},
  author = {{Caines-Giralde}, Laura},
  year = {2024},
  journal = {ProQuest LLC},
  urldate = {2024-11-17},
  isbn = {9798382798608},
  langid = {english},
  school = {ProQuest LLC},
  annotation = {ERIC Number: ED657700}
}

@techreport{maruyama_DoesDiversityMake_2000,
  title = {Does {{Diversity Make}} a {{Difference}}? {{Three Research Studies}} on {{Diversity}} in {{College Classrooms}}},
  shorttitle = {Does {{Diversity Make}} a {{Difference}}?},
  author = {Maruyama, Geoffrey and Moreno, Jose F. and Gudeman, Roxane Harvey and Marin, Patricia},
  year = {2000},
  institution = {For full text: http://www},
  urldate = {2024-11-16},
  langid = {english},
  annotation = {ERIC Number: ED444409}
}

@article{miller_TypicalPhysicsPhD_2019,
  title = {Typical Physics {{Ph}}.{{D}}. Admissions Criteria Limit Access to Underrepresented Groups but Fail to Predict Doctoral Completion},
  author = {Miller, Casey W. and Zwickl, Benjamin M. and Posselt, Julie R. and Silvestrini, Rachel T. and Hodapp, Theodore},
  year = {2019},
  month = jan,
  journal = {Science Advances},
  volume = {5},
  number = {1},
  pages = {eaat7550},
  publisher = {American Association for the Advancement of Science},
  doi = {10.1126/sciadv.aat7550},
  urldate = {2024-11-16}
}

@article{secules_ZoomingOutStruggling_2018,
  title = {Zooming {{Out}} from the {{Struggling Individual Student}}: {{An Account}} of the {{Cultural Construction}} of {{Engineering Ability}} in an {{Undergraduate Programming Class}}},
  shorttitle = {Zooming {{Out}} from the {{Struggling Individual Student}}},
  author = {Secules, Stephen and Gupta, Ayush and Elby, Andrew and Turpen, Chandra},
  year = {2018},
  journal = {Journal of Engineering Education},
  volume = {107},
  number = {1},
  pages = {56--86},
  issn = {2168-9830},
  doi = {10.1002/jee.20191},
  urldate = {2024-11-16},
  copyright = {{\copyright} 2018 ASEE},
  langid = {english}
}

@article{moss-racusin_ScienceFacultysSubtle_2012,
  title = {Science Faculty's Subtle Gender Biases Favor Male Students},
  author = {{Moss-Racusin}, Corinne A. and Dovidio, John F. and Brescoll, Victoria L. and Graham, Mark J. and Handelsman, Jo},
  year = {2012},
  journal = {Proceedings of the National Academy of Sciences of the United States of America},
  volume = {109},
  number = {41},
  eprint = {41763373},
  eprinttype = {jstor},
  pages = {16474--16479},
  publisher = {National Academy of Sciences},
  issn = {0027-8424},
  urldate = {2024-11-18}
}

@article{nosek_ImplicitSocialCognitions_2011,
  title = {Implicit {{Social Cognitions Predict Sex Differences}} in {{Math Engagement}} and {{Achievement}}},
  author = {Nosek, Brian A. and Smyth, Frederick L.},
  year = {2011},
  month = oct,
  journal = {American Educational Research Journal},
  volume = {48},
  number = {5},
  pages = {1125--1156},
  issn = {0002-8312, 1935-1011},
  doi = {10.3102/0002831211410683},
  urldate = {2024-11-18},
  langid = {english}
}

@inproceedings{kargarmoakhar_UnderstandingExperiencesThat_2020a,
  title = {Understanding the {{Experiences}} That {{Contribute}} to the {{Inclusion}} of {{Underrepresented Groups}} in {{Computing}}},
  booktitle = {2020 {{IEEE Frontiers}} in {{Education Conference}} ({{FIE}})},
  author = {Kargarmoakhar, Maral and Lunn, Stephanie and Zahedi, Leila and Ross, Monique and Hazari, Zahra and Weiss, Mark Allen and Georgiopoulos, Michael and Christensen, Ken and Solis, Tiana},
  year = {2020},
  month = oct,
  pages = {1--9},
  issn = {2377-634X},
  doi = {10.1109/FIE44824.2020.9274113},
  urldate = {2024-11-16}
}

@article{cassidy_DevelopingComputerUser_2002,
  title = {Developing the {{Computer User Self-Efficacy}} ({{Cuse}}) {{Scale}}: {{Investigating}} the {{Relationship}} between {{Computer Self-Efficacy}}, {{Gender}} and {{Experience}} with {{Computers}}},
  shorttitle = {Developing the {{Computer User Self-Efficacy}} ({{Cuse}}) {{Scale}}},
  author = {Cassidy, Simon and Eachus, Peter},
  year = {2002},
  month = mar,
  journal = {Journal of Educational Computing Research},
  volume = {26},
  number = {2},
  pages = {133--153},
  publisher = {SAGE Publications Inc},
  issn = {0735-6331},
  doi = {10.2190/JGJR-0KVL-HRF7-GCNV},
  urldate = {2024-11-18},
  langid = {english}
}

@article{vekiri_GenderIssuesTechnology_2008,
  title = {Gender Issues in Technology Use: {{Perceived}} Social Support, Computer Self-Efficacy and Value Beliefs, and Computer Use beyond School},
  shorttitle = {Gender Issues in Technology Use},
  author = {Vekiri, Ioanna and Chronaki, Anna},
  year = {2008},
  month = nov,
  journal = {Computers \& Education},
  volume = {51},
  number = {3},
  pages = {1392--1404},
  issn = {0360-1315},
  doi = {10.1016/j.compedu.2008.01.003},
  urldate = {2024-11-18}
}

@inproceedings{brinkman_ApplyingCommunalGoal_2016,
  title = {Applying the {{Communal Goal Congruity Perspective}} to {{Enhance Diversity}} and {{Inclusion}} in {{Undergraduate Computing Degrees}}},
  booktitle = {Proceedings of the 47th {{ACM Technical Symposium}} on {{Computing Science Education}}},
  author = {Brinkman, Bo and Diekman, Amanda},
  year = {2016},
  month = feb,
  series = {{{SIGCSE}} '16},
  pages = {102--107},
  publisher = {Association for Computing Machinery},
  address = {New York, NY, USA},
  doi = {10.1145/2839509.2844562},
  urldate = {2024-11-18},
  isbn = {978-1-4503-3685-7}
}

@inproceedings{kargarmoakhar_UnderstandingExperiencesThat_2020a,
  title = {Understanding the {{Experiences}} That {{Contribute}} to the {{Inclusion}} of {{Underrepresented Groups}} in {{Computing}}},
  booktitle = {2020 {{IEEE Frontiers}} in {{Education Conference}} ({{FIE}})},
  author = {Kargarmoakhar, Maral and Lunn, Stephanie and Zahedi, Leila and Ross, Monique and Hazari, Zahra and Weiss, Mark Allen and Georgiopoulos, Michael and Christensen, Ken and Solis, Tiana},
  year = {2020},
  month = oct,
  pages = {1--9},
  issn = {2377-634X},
  doi = {10.1109/FIE44824.2020.9274113},
  urldate = {2024-11-16}
}

@article{kim_MicroaggressionsInterruptedExperience_2023,
  title = {Microaggressions, {{Interrupted}}: {{The Experience}} and {{Effects}} of {{Gender Microaggressions}} for {{Women}} in {{STEM}}},
  shorttitle = {Microaggressions, {{Interrupted}}},
  author = {Kim, Jennifer Y. and Meister, Alyson},
  year = {2023},
  month = jul,
  journal = {Journal of Business Ethics},
  volume = {185},
  number = {3},
  pages = {513--531},
  issn = {1573-0697},
  doi = {10.1007/s10551-022-05203-0},
  urldate = {2024-11-18},
  langid = {english}
}

@article{cohoon_SexismToxicWomens_2009,
  title = {Sexism: Toxic to Women's Persistence in {{CSE}} Doctoral Programs},
  shorttitle = {Sexism},
  author = {Cohoon, J. McGrath and Wu, Zhen and Chao, Jie},
  year = {2009},
  month = mar,
  journal = {SIGCSE Bull.},
  volume = {41},
  number = {1},
  pages = {158--162},
  issn = {0097-8418},
  doi = {10.1145/1539024.1508924},
  urldate = {2024-11-18}
}

@misc{may26_PeoplePLAlexandra_2020,
  title = {People of {{PL}}: {{Alexandra Silva}}},
  shorttitle = {People of {{PL}}},
  author = {on May 26, John Wickerson and {2020}},
  year = {2020},
  month = may,
  journal = {SIGPLAN Blog},
  urldate = {2024-11-16},
  langid = {american}
}

@misc{_AlexandraSilvaJoins_2021,
  type = {News},
  title = {Alexandra {{Silva Joins CS Faculty}} and {{Offers Reflections}} on {{Her Research}} {\textbar} {{Department}} of {{Computer Science}}},
  year = {2021},
  month = jul,
  urldate = {2024-11-16},
  howpublished = {https://www.cs.cornell.edu/information/news/newsitem11742/alexandra-silva-joins-cs-faculty-and-offers-reflections-her-research}
}

@article{lee_IfYouArent_2020,
  title = {``{{If}} You Aren't {{White}}, {{Asian}} or {{Indian}}, You Aren't an Engineer'': Racial Microaggressions in {{STEM}} Education},
  shorttitle = {``{{If}} You Aren't {{White}}, {{Asian}} or {{Indian}}, You Aren't an Engineer''},
  author = {Lee, Meggan J. and Collins, Jasmine D. and Harwood, Stacy Anne and Mendenhall, Ruby and Huntt, Margaret Browne},
  year = {2020},
  month = sep,
  journal = {International Journal of STEM Education},
  volume = {7},
  number = {1},
  pages = {48},
  issn = {2196-7822},
  doi = {10.1186/s40594-020-00241-4},
  urldate = {2024-11-18},
  langid = {english}
}

@misc{frameshiftconsulting_FocusAllySkills_2022,
  title = {Focus on {{Ally Skills}} 2022},
  author = {{Frame Shift Consulting}},
  year = {2022},
  month = apr,
  urldate = {2024-11-17}
}

@misc{_SIGPLANCARES_,
  title = {{{SIGPLAN CARES}}},
  urldate = {2024-11-16},
  howpublished = {https://www.sigplan.org/Cares/}
}

@misc{_POPL2020Ally_,
  title = {{{POPL}} 2020 - {{Ally Skills Session}} - {{POPL}} 2020},
  urldate = {2024-11-17},
  howpublished = {https://popl20.sigplan.org/track/POPL-2020-Ally-Skills-Session}
}

@article{cech_CultureDisengagementEngineering_2014a,
  title = {Culture of {{Disengagement}} in {{Engineering Education}}?},
  author = {Cech, Erin A.},
  year = {2014},
  month = jan,
  journal = {Science, Technology, \& Human Values},
  volume = {39},
  number = {1},
  pages = {42--72},
  issn = {0162-2439, 1552-8251},
  doi = {10.1177/0162243913504305},
  urldate = {2024-11-16},
  langid = {english}
}

